<record><leader>00000cas a22000007a 4500</leader><controlfield tag="001">36113111</controlfield><controlfield tag="008">961219d19uu193uokuwr n       0    0eng d</controlfield><datafield ind1=" " ind2=" " tag="010"><subfield code="a">sn 96093326 </subfield></datafield><datafield ind1=" " ind2=" " tag="040"><subfield code="a">OBN</subfield><subfield code="b">eng</subfield><subfield code="c">OBN</subfield><subfield code="d">OCLCQ</subfield><subfield code="d">OCLCF</subfield><subfield code="d">OCLCO</subfield></datafield><datafield ind1="1" ind2=" " tag="029"><subfield code="a">AU@</subfield><subfield code="b">000013023316</subfield></datafield><datafield ind1=" " ind2=" " tag="042"><subfield code="a">msc</subfield></datafield><datafield ind1=" " ind2=" " tag="043"><subfield code="a">n-us-ok</subfield></datafield><datafield ind1="0" ind2="4" tag="245"><subfield code="a">The Chat pile.</subfield></datafield><datafield ind1=" " ind2=" " tag="260"><subfield code="a">Picher, Okla. :</subfield><subfield code="b">J.H. Mason</subfield></datafield><datafield ind1=" " ind2=" " tag="300"><subfield code="a">v.</subfield></datafield><datafield ind1=" " ind2=" " tag="310"><subfield code="a">Weekly</subfield></datafield><datafield ind1=" " ind2=" " tag="515"><subfield code="a">Issued with: The Picher King Jack.</subfield></datafield><datafield ind1=" " ind2=" " tag="588"><subfield code="a">Description based on: Vol. 5, no. 5 (Oct. 22, 1931).</subfield></datafield><datafield ind1=" " ind2="0" tag="651"><subfield code="a">Picher (Okla.)</subfield><subfield code="v">Newspapers.</subfield></datafield><datafield ind1=" " ind2="0" tag="651"><subfield code="a">Ottawa County (Okla.)</subfield><subfield code="v">Newspapers.</subfield></datafield><datafield ind1=" " ind2="7" tag="655"><subfield code="a">Newspapers.</subfield><subfield code="2">fast</subfield><subfield code="0">(OCoLC)fst01423814</subfield></datafield><datafield ind1=" " ind2="7" tag="651"><subfield code="a">Oklahoma</subfield><subfield code="z">Ottawa County.</subfield><subfield code="2">fast</subfield><subfield code="0">(OCoLC)fst01223116</subfield></datafield><datafield ind1=" " ind2="7" tag="651"><subfield code="a">Oklahoma</subfield><subfield code="z">Picher.</subfield><subfield code="2">fast</subfield><subfield code="0">(OCoLC)fst01866611</subfield></datafield><datafield ind1=" " ind2=" " tag="752"><subfield code="a">United States</subfield><subfield code="b">Oklahoma</subfield><subfield code="c">Ottawa</subfield><subfield code="d">Picher.</subfield></datafield><datafield ind1="0" ind2=" " tag="777"><subfield code="t">Picher King Jack</subfield><subfield code="w">(DLC)sn 96093325</subfield><subfield code="w">(OCoLC)35113081</subfield></datafield></record>